@Article{test,
  author =	 {Fishbein, {DH} and Rose, {EJ} and Darcey, {VL} and Belcher, {AM} and VanMeter, {JW}},
  title =	 {Neurodevelopmental Precursors and Consequences of Substance Use during Adolescence: Promises and Pitfalls of Longitudinal Neuroimaging Strategies},
  journal =	 {Frontiers in Human Neuroscience},
  year =	 2016,
  volume =	 10,
  pages =	 {296}
}